<record><leader>00000cas a2200000 a 4500</leader><controlfield tag="001">36369484</controlfield><controlfield tag="008">970211d19191925orucr ne      0    0eng c</controlfield><datafield ind1=" " ind2=" " tag="010"><subfield code="a">sn 96088315 </subfield></datafield><datafield ind1=" " ind2=" " tag="040"><subfield code="a">OCN</subfield><subfield code="b">eng</subfield><subfield code="c">OCN</subfield><subfield code="d">OCLCQ</subfield><subfield code="d">ORU</subfield><subfield code="d">OCLCQ</subfield><subfield code="d">OCLCF</subfield><subfield code="d">OCLCO</subfield></datafield><datafield ind1="1" ind2=" " tag="029"><subfield code="a">AU@</subfield><subfield code="b">000013091395</subfield></datafield><datafield ind1=" " ind2=" " tag="042"><subfield code="a">pcc</subfield></datafield><datafield ind1=" " ind2=" " tag="043"><subfield code="a">n-us-or</subfield></datafield><datafield ind1="0" ind2=" " tag="130"><subfield code="a">Benton County courier (Corvallis, Or. : 1919)</subfield></datafield><datafield ind1="1" ind2="0" tag="245"><subfield code="a">Benton County courier.</subfield></datafield><datafield ind1="1" ind2=" " tag="246"><subfield code="i">Issues for &lt;Feb. 6, 1923&gt;-Apr. 22, 1923 called:</subfield><subfield code="a">Morning courier</subfield></datafield><datafield ind1=" " ind2=" " tag="260"><subfield code="a">Corvallis, Or. :</subfield><subfield code="b">A.E. Frost,</subfield><subfield code="c">1919-</subfield></datafield><datafield ind1=" " ind2=" " tag="300"><subfield code="a">v.</subfield></datafield><datafield ind1=" " ind2=" " tag="310"><subfield code="a">Semiweekly,</subfield><subfield code="b">Dec. 10, 1923-May 26, 1924</subfield></datafield><datafield ind1=" " ind2=" " tag="321"><subfield code="a">Semiweekly,</subfield><subfield code="b">Feb. 21, 1919-&lt;Jan. 30, 1923&gt;</subfield></datafield><datafield ind1=" " ind2=" " tag="321"><subfield code="a">Daily (except Mon.),</subfield><subfield code="b">&lt;Feb. 6, 1923&gt;-Apr. 22, 1923</subfield></datafield><datafield ind1=" " ind2=" " tag="321"><subfield code="a">Weekly,</subfield><subfield code="b">Apr. 26, 1923-Dec. 6, 1923</subfield></datafield><datafield ind1="0" ind2=" " tag="362"><subfield code="a">Vol. 13, no. 78 (Feb. 21, 1919)-</subfield></datafield><datafield ind1="1" ind2=" " tag="362"><subfield code="a">Ceased in 1925.</subfield></datafield><datafield ind1=" " ind2=" " tag="530"><subfield code="a">Also issued on microfilm from University of Oregon.</subfield></datafield><datafield ind1=" " ind2="0" tag="651"><subfield code="a">Corvallis (Or.)</subfield><subfield code="v">Newspapers.</subfield></datafield><datafield ind1=" " ind2="0" tag="651"><subfield code="a">Benton County (Or.)</subfield><subfield code="v">Newspapers.</subfield></datafield><datafield ind1=" " ind2="7" tag="655"><subfield code="a">Newspapers.</subfield><subfield code="2">fast</subfield><subfield code="0">(OCoLC)fst01423814</subfield></datafield><datafield ind1=" " ind2="7" tag="651"><subfield code="a">Oregon</subfield><subfield code="z">Benton County.</subfield><subfield code="2">fast</subfield><subfield code="0">(OCoLC)fst01210431</subfield></datafield><datafield ind1=" " ind2="7" tag="651"><subfield code="a">Oregon</subfield><subfield code="z">Corvallis.</subfield><subfield code="2">fast</subfield><subfield code="0">(OCoLC)fst01205176</subfield></datafield><datafield ind1=" " ind2=" " tag="752"><subfield code="a">United States</subfield><subfield code="b">Oregon</subfield><subfield code="c">Benton</subfield><subfield code="d">Corvallis.</subfield></datafield><datafield ind1="0" ind2="0" tag="780"><subfield code="t">Semi-weekly Benton County courier</subfield><subfield code="w">(DLC)sn 96088314</subfield><subfield code="w">(OCoLC)36369510</subfield></datafield><datafield ind1="0" ind2="0" tag="785"><subfield code="t">Benton independent (Corvallis, Or.)</subfield><subfield code="w">(DLC)sn 96088312</subfield><subfield code="w">(OCoLC)36369331</subfield></datafield></record>